@article{huang2011mobile,
  title={Mobile cloud computing},
  author={Huang, Dijiang},
  journal={IEEE COMSOC Multimedia Communications Technical Committee (MMTC) E-Letter},
  volume={6},
  number={10},
  pages={27--31},
  year={2011}
}

@article{satyanarayanan2009case,
  title={The case for vm-based cloudlets in mobile computing},
  author={Satyanarayanan, Mahadev and Bahl, Paramvir and Caceres, Ram{\'o}n and Davies, Nigel},
  journal={Pervasive Computing, IEEE},
  volume={8},
  number={4},
  pages={14--23},
  year={2009},
  publisher={IEEE}
}

@article{kumar2010cloud,
  title={Cloud computing for mobile users: Can offloading computation save energy?},
  author={Kumar, Karthik and Lu, Yung-Hsiang},
  journal={Computer},
  volume={43},
  number={4},
  pages={51--56},
  year={2010},
  publisher={IEEE}
}

@inproceedings{garfinkel2007evaluation,
  title={An evaluation of amazonâ€™s grid computing services: EC2, S3, and SQS},
  author={Garfinkel, Simson L},
  booktitle={Center for},
  year={2007},
  organization={Citeseer}
}

@misc{class2go,
	howpublished = {\url{https://github.com/Stanford-Online/class2go}}
}

@misc{quora2coursera,
	howpublished = {\url{http://www.quora.com/Coursera/What-is-Courseras-stack}}
}

@misc{path,
	howpublished = {\url{https://path.com/}}
}

@misc{prismatic,
	howpublished = {\url{http://getprismatic.com/}}
}

@misc{goodreader,
	howpublished = {\url{http://www.goodiware.com/goodreader.html}}
}

@misc{ebackpack,
	howpublished = {\url{https://www.ebackpack.com/}}
}

@misc{edmodo,
	howpublished = {\url{http://www.edmodo.com/}}
}

@misc{gae,
	howpublished = {\url{https://developers.google.com/appengine/docs/}}
}

@misc{office365,
	howpublished = {\url{http://office.microsoft.com/}}
}

@misc{yelp,
	howpublished = {\url{https://www.yelp.com/}}
}

@misc{zarrly,
	howpublished = {\url{https://www.zarrly.com/}}
}

@misc{square,
	howpublished = {\url{https://squareup.com/}}
}

@misc{bigquery,
	howpublished = {\url{https://developers.google.com/bigquery/}}
}

