@book{macedo2011redis,
  title={Redis Cookbook},
  author={Macedo, Tiago and Oliveira, Fred},
  year={2011},
  publisher={O'Reilly Media}
}
